%YAML 1.1
%TAG !u! tag:unity3d.com,2011:
--- !u!29 &1
OcclusionCullingSettings:
  m_ObjectHideFlags: 0
  serializedVersion: 2
  m_OcclusionBakeSettings:
    smallestOccluder: 5
    smallestHole: 0.25
    backfaceThreshold: 100
  m_SceneGUID: 00000000000000000000000000000000
  m_OcclusionCullingData: {fileID: 0}
--- !u!104 &2
RenderSettings:
  m_ObjectHideFlags: 0
  serializedVersion: 9
  m_Fog: 0
  m_FogColor: {r: 0.5, g: 0.5, b: 0.5, a: 1}
  m_FogMode: 3
  m_FogDensity: 0.01
  m_LinearFogStart: 0
  m_LinearFogEnd: 300
  m_AmbientSkyColor: {r: 0.5188679, g: 0.5188679, b: 0.5188679, a: 1}
  m_AmbientEquatorColor: {r: 0.20754719, g: 0.20754719, b: 0.20754719, a: 1}
  m_AmbientGroundColor: {r: 0.3584906, g: 0.3584906, b: 0.3584906, a: 1}
  m_AmbientIntensity: 1
  m_AmbientMode: 0
  m_SubtractiveShadowColor: {r: 0.42, g: 0.478, b: 0.627, a: 1}
  m_SkyboxMaterial: {fileID: 10304, guid: 0000000000000000f000000000000000, type: 0}
  m_HaloStrength: 0.5
  m_FlareStrength: 1
  m_FlareFadeSpeed: 3
  m_HaloTexture: {fileID: 0}
  m_SpotCookie: {fileID: 10001, guid: 0000000000000000e000000000000000, type: 0}
  m_DefaultReflectionMode: 0
  m_DefaultReflectionResolution: 128
  m_ReflectionBounces: 1
  m_ReflectionIntensity: 1
  m_CustomReflection: {fileID: 0}
  m_Sun: {fileID: 705507994}
  m_IndirectSpecularColor: {r: 0.18028378, g: 0.22571412, b: 0.30692285, a: 1}
  m_UseRadianceAmbientProbe: 0
--- !u!157 &3
LightmapSettings:
  m_ObjectHideFlags: 0
  serializedVersion: 12
  m_GIWorkflowMode: 0
  m_GISettings:
    serializedVersion: 2
    m_BounceScale: 1
    m_IndirectOutputScale: 1
    m_AlbedoBoost: 1
    m_EnvironmentLightingMode: 0
    m_EnableBakedLightmaps: 1
    m_EnableRealtimeLightmaps: 0
  m_LightmapEditorSettings:
    serializedVersion: 12
    m_Resolution: 2
    m_BakeResolution: 40
    m_AtlasSize: 1024
    m_AO: 0
    m_AOMaxDistance: 1
    m_CompAOExponent: 1
    m_CompAOExponentDirect: 0
    m_ExtractAmbientOcclusion: 0
    m_Padding: 2
    m_LightmapParameters: {fileID: 0}
    m_LightmapsBakeMode: 1
    m_TextureCompression: 1
    m_FinalGather: 0
    m_FinalGatherFiltering: 1
    m_FinalGatherRayCount: 256
    m_ReflectionCompression: 2
    m_MixedBakeMode: 2
    m_BakeBackend: 1
    m_PVRSampling: 1
    m_PVRDirectSampleCount: 32
    m_PVRSampleCount: 500
    m_PVRBounces: 2
    m_PVREnvironmentSampleCount: 500
    m_PVREnvironmentReferencePointCount: 2048
    m_PVRFilteringMode: 2
    m_PVRDenoiserTypeDirect: 0
    m_PVRDenoiserTypeIndirect: 0
    m_PVRDenoiserTypeAO: 0
    m_PVRFilterTypeDirect: 0
    m_PVRFilterTypeIndirect: 0
    m_PVRFilterTypeAO: 0
    m_PVREnvironmentMIS: 0
    m_PVRCulling: 1
    m_PVRFilteringGaussRadiusDirect: 1
    m_PVRFilteringGaussRadiusIndirect: 5
    m_PVRFilteringGaussRadiusAO: 2
    m_PVRFilteringAtrousPositionSigmaDirect: 0.5
    m_PVRFilteringAtrousPositionSigmaIndirect: 2
    m_PVRFilteringAtrousPositionSigmaAO: 1
    m_ExportTrainingData: 0
    m_TrainingDataDestination: TrainingData
    m_LightProbeSampleCountMultiplier: 4
  m_LightingDataAsset: {fileID: 112000000, guid: 8bea1fe28e0878449ae2f387e86feb57,
    type: 2}
  m_LightingSettings: {fileID: 4890085278179872738, guid: 783128fca444d5346bcec175cb1cebbb,
    type: 2}
--- !u!196 &4
NavMeshSettings:
  serializedVersion: 2
  m_ObjectHideFlags: 0
  m_BuildSettings:
    serializedVersion: 2
    agentTypeID: 0
    agentRadius: 0.5
    agentHeight: 2
    agentSlope: 45
    agentClimb: 1
    ledgeDropHeight: 1.2
    maxJumpAcrossDistance: 1.2
    minRegionArea: 2
    manualCellSize: 0
    cellSize: 0.16666667
    manualTileSize: 0
    tileSize: 256
    accuratePlacement: 0
    maxJobWorkers: 0
    preserveTilesOutsideBounds: 0
    debug:
      m_Flags: 0
  m_NavMeshData: {fileID: 0}
--- !u!4 &291124074 stripped
Transform:
  m_CorrespondingSourceObject: {fileID: 562427479473536722, guid: 50f980b87707f1041b8efd58b4824cdb,
    type: 3}
  m_PrefabInstance: {fileID: 1604882413}
  m_PrefabAsset: {fileID: 0}
--- !u!4 &534966020 stripped
Transform:
  m_CorrespondingSourceObject: {fileID: 3356868965716099088, guid: 44524bb2883d95c438ae68fb83575904,
    type: 3}
  m_PrefabInstance: {fileID: 1575330976}
  m_PrefabAsset: {fileID: 0}
--- !u!1 &599916901
GameObject:
  m_ObjectHideFlags: 0
  m_CorrespondingSourceObject: {fileID: 0}
  m_PrefabInstance: {fileID: 0}
  m_PrefabAsset: {fileID: 0}
  serializedVersion: 6
  m_Component:
  - component: {fileID: 599916905}
  - component: {fileID: 599916904}
  - component: {fileID: 599916903}
  - component: {fileID: 599916902}
  m_Layer: 0
  m_Name: Plane
  m_TagString: Untagged
  m_Icon: {fileID: 0}
  m_NavMeshLayer: 0
  m_StaticEditorFlags: 0
  m_IsActive: 1
--- !u!64 &599916902
MeshCollider:
  m_ObjectHideFlags: 0
  m_CorrespondingSourceObject: {fileID: 0}
  m_PrefabInstance: {fileID: 0}
  m_PrefabAsset: {fileID: 0}
  m_GameObject: {fileID: 599916901}
  m_Material: {fileID: 0}
  m_IsTrigger: 0
  m_Enabled: 1
  serializedVersion: 4
  m_Convex: 0
  m_CookingOptions: 30
  m_Mesh: {fileID: 10209, guid: 0000000000000000e000000000000000, type: 0}
--- !u!23 &599916903
MeshRenderer:
  m_ObjectHideFlags: 0
  m_CorrespondingSourceObject: {fileID: 0}
  m_PrefabInstance: {fileID: 0}
  m_PrefabAsset: {fileID: 0}
  m_GameObject: {fileID: 599916901}
  m_Enabled: 1
  m_CastShadows: 1
  m_ReceiveShadows: 1
  m_DynamicOccludee: 1
  m_StaticShadowCaster: 0
  m_MotionVectors: 1
  m_LightProbeUsage: 1
  m_ReflectionProbeUsage: 1
  m_RayTracingMode: 2
  m_RayTraceProcedural: 0
  m_RenderingLayerMask: 1
  m_RendererPriority: 0
  m_Materials:
  - {fileID: 2100000, guid: 480b36b72cb92854ba3768f24fde3661, type: 2}
  m_StaticBatchInfo:
    firstSubMesh: 0
    subMeshCount: 0
  m_StaticBatchRoot: {fileID: 0}
  m_ProbeAnchor: {fileID: 0}
  m_LightProbeVolumeOverride: {fileID: 0}
  m_ScaleInLightmap: 1
  m_ReceiveGI: 1
  m_PreserveUVs: 0
  m_IgnoreNormalsForChartDetection: 0
  m_ImportantGI: 0
  m_StitchLightmapSeams: 1
  m_SelectedEditorRenderState: 3
  m_MinimumChartSize: 4
  m_AutoUVMaxDistance: 0.5
  m_AutoUVMaxAngle: 89
  m_LightmapParameters: {fileID: 0}
  m_SortingLayerID: 0
  m_SortingLayer: 0
  m_SortingOrder: 0
  m_AdditionalVertexStreams: {fileID: 0}
--- !u!33 &599916904
MeshFilter:
  m_ObjectHideFlags: 0
  m_CorrespondingSourceObject: {fileID: 0}
  m_PrefabInstance: {fileID: 0}
  m_PrefabAsset: {fileID: 0}
  m_GameObject: {fileID: 599916901}
  m_Mesh: {fileID: 10209, guid: 0000000000000000e000000000000000, type: 0}
--- !u!4 &599916905
Transform:
  m_ObjectHideFlags: 0
  m_CorrespondingSourceObject: {fileID: 0}
  m_PrefabInstance: {fileID: 0}
  m_PrefabAsset: {fileID: 0}
  m_GameObject: {fileID: 599916901}
  m_LocalRotation: {x: 0, y: 0, z: 0, w: 1}
  m_LocalPosition: {x: 0, y: 0, z: 0}
  m_LocalScale: {x: 10, y: 10, z: 10}
  m_ConstrainProportionsScale: 0
  m_Children: []
  m_Father: {fileID: 0}
  m_RootOrder: 5
  m_LocalEulerAnglesHint: {x: 0, y: 0, z: 0}
--- !u!1001 &616162227
PrefabInstance:
  m_ObjectHideFlags: 0
  serializedVersion: 2
  m_Modification:
    m_TransformParent: {fileID: 0}
    m_Modifications:
    - target: {fileID: 1347705113902533187, guid: af45404d8230f40429db135184c62bc3,
        type: 3}
      propertyPath: m_RootOrder
      value: 0
      objectReference: {fileID: 0}
    - target: {fileID: 1347705113902533187, guid: af45404d8230f40429db135184c62bc3,
        type: 3}
      propertyPath: m_LocalPosition.x
      value: 0.13
      objectReference: {fileID: 0}
    - target: {fileID: 1347705113902533187, guid: af45404d8230f40429db135184c62bc3,
        type: 3}
      propertyPath: m_LocalPosition.y
      value: 0.81360006
      objectReference: {fileID: 0}
    - target: {fileID: 1347705113902533187, guid: af45404d8230f40429db135184c62bc3,
        type: 3}
      propertyPath: m_LocalPosition.z
      value: 1.16
      objectReference: {fileID: 0}
    - target: {fileID: 1347705113902533187, guid: af45404d8230f40429db135184c62bc3,
        type: 3}
      propertyPath: m_LocalRotation.w
      value: 0.5120223
      objectReference: {fileID: 0}
    - target: {fileID: 1347705113902533187, guid: af45404d8230f40429db135184c62bc3,
        type: 3}
      propertyPath: m_LocalRotation.x
      value: -0
      objectReference: {fileID: 0}
    - target: {fileID: 1347705113902533187, guid: af45404d8230f40429db135184c62bc3,
        type: 3}
      propertyPath: m_LocalRotation.y
      value: -0.8589722
      objectReference: {fileID: 0}
    - target: {fileID: 1347705113902533187, guid: af45404d8230f40429db135184c62bc3,
        type: 3}
      propertyPath: m_LocalRotation.z
      value: -0
      objectReference: {fileID: 0}
    - target: {fileID: 1347705113902533187, guid: af45404d8230f40429db135184c62bc3,
        type: 3}
      propertyPath: m_LocalEulerAnglesHint.x
      value: 0
      objectReference: {fileID: 0}
    - target: {fileID: 1347705113902533187, guid: af45404d8230f40429db135184c62bc3,
        type: 3}
      propertyPath: m_LocalEulerAnglesHint.y
      value: -118.403
      objectReference: {fileID: 0}
    - target: {fileID: 1347705113902533187, guid: af45404d8230f40429db135184c62bc3,
        type: 3}
      propertyPath: m_LocalEulerAnglesHint.z
      value: 0
      objectReference: {fileID: 0}
    - target: {fileID: 3850944530146098156, guid: af45404d8230f40429db135184c62bc3,
        type: 3}
      propertyPath: m_Name
      value: Kitty (2)
      objectReference: {fileID: 0}
    m_RemovedComponents: []
  m_SourcePrefab: {fileID: 100100000, guid: af45404d8230f40429db135184c62bc3, type: 3}
--- !u!1 &698884926
GameObject:
  m_ObjectHideFlags: 0
  m_CorrespondingSourceObject: {fileID: 0}
  m_PrefabInstance: {fileID: 0}
  m_PrefabAsset: {fileID: 0}
  serializedVersion: 6
  m_Component:
  - component: {fileID: 698884927}
  m_Layer: 0
  m_Name: Camera Offset
  m_TagString: Untagged
  m_Icon: {fileID: 0}
  m_NavMeshLayer: 0
  m_StaticEditorFlags: 0
  m_IsActive: 1
--- !u!4 &698884927
Transform:
  m_ObjectHideFlags: 0
  m_CorrespondingSourceObject: {fileID: 0}
  m_PrefabInstance: {fileID: 0}
  m_PrefabAsset: {fileID: 0}
  m_GameObject: {fileID: 698884926}
  m_LocalRotation: {x: 0, y: 0, z: 0, w: 1}
  m_LocalPosition: {x: 0, y: 1.1176, z: 0}
  m_LocalScale: {x: 1, y: 1, z: 1}
  m_ConstrainProportionsScale: 0
  m_Children:
  - {fileID: 1871586583}
  m_Father: {fileID: 977168243}
  m_RootOrder: 0
  m_LocalEulerAnglesHint: {x: 0, y: 0, z: 0}
--- !u!1 &705507993
GameObject:
  m_ObjectHideFlags: 0
  m_CorrespondingSourceObject: {fileID: 0}
  m_PrefabInstance: {fileID: 0}
  m_PrefabAsset: {fileID: 0}
  serializedVersion: 6
  m_Component:
  - component: {fileID: 705507995}
  - component: {fileID: 705507994}
  m_Layer: 0
  m_Name: Directional Light
  m_TagString: Untagged
  m_Icon: {fileID: 0}
  m_NavMeshLayer: 0
  m_StaticEditorFlags: 0
  m_IsActive: 1
--- !u!108 &705507994
Light:
  m_ObjectHideFlags: 0
  m_CorrespondingSourceObject: {fileID: 0}
  m_PrefabInstance: {fileID: 0}
  m_PrefabAsset: {fileID: 0}
  m_GameObject: {fileID: 705507993}
  m_Enabled: 1
  serializedVersion: 10
  m_Type: 1
  m_Shape: 0
  m_Color: {r: 1, g: 1, b: 1, a: 1}
  m_Intensity: 1
  m_Range: 10
  m_SpotAngle: 30
  m_InnerSpotAngle: 21.802082
  m_CookieSize: 10
  m_Shadows:
    m_Type: 2
    m_Resolution: -1
    m_CustomResolution: -1
    m_Strength: 1
    m_Bias: 0.05
    m_NormalBias: 0.4
    m_NearPlane: 0.2
    m_CullingMatrixOverride:
      e00: 1
      e01: 0
      e02: 0
      e03: 0
      e10: 0
      e11: 1
      e12: 0
      e13: 0
      e20: 0
      e21: 0
      e22: 1
      e23: 0
      e30: 0
      e31: 0
      e32: 0
      e33: 1
    m_UseCullingMatrixOverride: 0
  m_Cookie: {fileID: 0}
  m_DrawHalo: 0
  m_Flare: {fileID: 0}
  m_RenderMode: 0
  m_CullingMask:
    serializedVersion: 2
    m_Bits: 4294967295
  m_RenderingLayerMask: 1
  m_Lightmapping: 1
  m_LightShadowCasterMode: 0
  m_AreaSize: {x: 1, y: 1}
  m_BounceIntensity: 1
  m_ColorTemperature: 6570
  m_UseColorTemperature: 0
  m_BoundingSphereOverride: {x: 0, y: 0, z: 0, w: 0}
  m_UseBoundingSphereOverride: 0
  m_UseViewFrustumForShadowCasterCull: 1
  m_ShadowRadius: 0
  m_ShadowAngle: 0
--- !u!4 &705507995
Transform:
  m_ObjectHideFlags: 0
  m_CorrespondingSourceObject: {fileID: 0}
  m_PrefabInstance: {fileID: 0}
  m_PrefabAsset: {fileID: 0}
  m_GameObject: {fileID: 705507993}
  m_LocalRotation: {x: 0.40821788, y: -0.23456968, z: 0.10938163, w: 0.8754261}
  m_LocalPosition: {x: 0, y: 3, z: 0}
  m_LocalScale: {x: 1, y: 1, z: 1}
  m_ConstrainProportionsScale: 0
  m_Children: []
  m_Father: {fileID: 0}
  m_RootOrder: 4
  m_LocalEulerAnglesHint: {x: 50, y: -30, z: 0}
--- !u!1001 &717974425
PrefabInstance:
  m_ObjectHideFlags: 0
  serializedVersion: 2
  m_Modification:
    m_TransformParent: {fileID: 1031160868}
    m_Modifications:
    - target: {fileID: 228041509466211188, guid: 50f980b87707f1041b8efd58b4824cdb,
        type: 3}
      propertyPath: m_LocalRotation.w
      value: 0.9636305
      objectReference: {fileID: 0}
    - target: {fileID: 228041509466211188, guid: 50f980b87707f1041b8efd58b4824cdb,
        type: 3}
      propertyPath: m_LocalRotation.x
      value: 0.26723832
      objectReference: {fileID: 0}
    - target: {fileID: 228041509466211188, guid: 50f980b87707f1041b8efd58b4824cdb,
        type: 3}
      propertyPath: m_LocalRotation.y
      value: 0
      objectReference: {fileID: 0}
    - target: {fileID: 228041509466211188, guid: 50f980b87707f1041b8efd58b4824cdb,
        type: 3}
      propertyPath: m_LocalRotation.z
      value: 0
      objectReference: {fileID: 0}
    - target: {fileID: 228041509466211188, guid: 50f980b87707f1041b8efd58b4824cdb,
        type: 3}
      propertyPath: m_LocalEulerAnglesHint.x
      value: 31
      objectReference: {fileID: 0}
    - target: {fileID: 562427479473536722, guid: 50f980b87707f1041b8efd58b4824cdb,
        type: 3}
      propertyPath: m_RootOrder
      value: 1
      objectReference: {fileID: 0}
    - target: {fileID: 562427479473536722, guid: 50f980b87707f1041b8efd58b4824cdb,
        type: 3}
      propertyPath: m_LocalPosition.x
      value: 0
      objectReference: {fileID: 0}
    - target: {fileID: 562427479473536722, guid: 50f980b87707f1041b8efd58b4824cdb,
        type: 3}
      propertyPath: m_LocalPosition.y
      value: 0
      objectReference: {fileID: 0}
    - target: {fileID: 562427479473536722, guid: 50f980b87707f1041b8efd58b4824cdb,
        type: 3}
      propertyPath: m_LocalPosition.z
      value: 0
      objectReference: {fileID: 0}
    - target: {fileID: 562427479473536722, guid: 50f980b87707f1041b8efd58b4824cdb,
        type: 3}
      propertyPath: m_LocalRotation.w
      value: 0.7071068
      objectReference: {fileID: 0}
    - target: {fileID: 562427479473536722, guid: 50f980b87707f1041b8efd58b4824cdb,
        type: 3}
      propertyPath: m_LocalRotation.x
      value: -0
      objectReference: {fileID: 0}
    - target: {fileID: 562427479473536722, guid: 50f980b87707f1041b8efd58b4824cdb,
        type: 3}
      propertyPath: m_LocalRotation.y
      value: 0.7071068
      objectReference: {fileID: 0}
    - target: {fileID: 562427479473536722, guid: 50f980b87707f1041b8efd58b4824cdb,
        type: 3}
      propertyPath: m_LocalRotation.z
      value: -0
      objectReference: {fileID: 0}
    - target: {fileID: 562427479473536722, guid: 50f980b87707f1041b8efd58b4824cdb,
        type: 3}
      propertyPath: m_LocalEulerAnglesHint.x
      value: 0
      objectReference: {fileID: 0}
    - target: {fileID: 562427479473536722, guid: 50f980b87707f1041b8efd58b4824cdb,
        type: 3}
      propertyPath: m_LocalEulerAnglesHint.y
      value: 90
      objectReference: {fileID: 0}
    - target: {fileID: 562427479473536722, guid: 50f980b87707f1041b8efd58b4824cdb,
        type: 3}
      propertyPath: m_LocalEulerAnglesHint.z
      value: 0
      objectReference: {fileID: 0}
    - target: {fileID: 6332742069223908406, guid: 50f980b87707f1041b8efd58b4824cdb,
        type: 3}
      propertyPath: m_Name
      value: Pounder
      objectReference: {fileID: 0}
    m_RemovedComponents: []
  m_SourcePrefab: {fileID: 100100000, guid: 50f980b87707f1041b8efd58b4824cdb, type: 3}
--- !u!4 &717974429 stripped
Transform:
  m_CorrespondingSourceObject: {fileID: 562427479473536722, guid: 50f980b87707f1041b8efd58b4824cdb,
    type: 3}
  m_PrefabInstance: {fileID: 717974425}
  m_PrefabAsset: {fileID: 0}
--- !u!1001 &923145491
PrefabInstance:
  m_ObjectHideFlags: 0
  serializedVersion: 2
  m_Modification:
    m_TransformParent: {fileID: 1031160868}
    m_Modifications:
    - target: {fileID: 562427479473536722, guid: 50f980b87707f1041b8efd58b4824cdb,
        type: 3}
      propertyPath: m_RootOrder
      value: 2
      objectReference: {fileID: 0}
    - target: {fileID: 562427479473536722, guid: 50f980b87707f1041b8efd58b4824cdb,
        type: 3}
      propertyPath: m_LocalPosition.x
      value: 0
      objectReference: {fileID: 0}
    - target: {fileID: 562427479473536722, guid: 50f980b87707f1041b8efd58b4824cdb,
        type: 3}
      propertyPath: m_LocalPosition.y
      value: 0
      objectReference: {fileID: 0}
    - target: {fileID: 562427479473536722, guid: 50f980b87707f1041b8efd58b4824cdb,
        type: 3}
      propertyPath: m_LocalPosition.z
      value: 0
      objectReference: {fileID: 0}
    - target: {fileID: 562427479473536722, guid: 50f980b87707f1041b8efd58b4824cdb,
        type: 3}
      propertyPath: m_LocalRotation.w
      value: 0
      objectReference: {fileID: 0}
    - target: {fileID: 562427479473536722, guid: 50f980b87707f1041b8efd58b4824cdb,
        type: 3}
      propertyPath: m_LocalRotation.x
      value: -0
      objectReference: {fileID: 0}
    - target: {fileID: 562427479473536722, guid: 50f980b87707f1041b8efd58b4824cdb,
        type: 3}
      propertyPath: m_LocalRotation.y
      value: 1
      objectReference: {fileID: 0}
    - target: {fileID: 562427479473536722, guid: 50f980b87707f1041b8efd58b4824cdb,
        type: 3}
      propertyPath: m_LocalRotation.z
      value: -0
      objectReference: {fileID: 0}
    - target: {fileID: 562427479473536722, guid: 50f980b87707f1041b8efd58b4824cdb,
        type: 3}
      propertyPath: m_LocalEulerAnglesHint.x
      value: 0
      objectReference: {fileID: 0}
    - target: {fileID: 562427479473536722, guid: 50f980b87707f1041b8efd58b4824cdb,
        type: 3}
      propertyPath: m_LocalEulerAnglesHint.y
      value: 180
      objectReference: {fileID: 0}
    - target: {fileID: 562427479473536722, guid: 50f980b87707f1041b8efd58b4824cdb,
        type: 3}
      propertyPath: m_LocalEulerAnglesHint.z
      value: 0
      objectReference: {fileID: 0}
    - target: {fileID: 6332742069223908406, guid: 50f980b87707f1041b8efd58b4824cdb,
        type: 3}
      propertyPath: m_Name
      value: Pounder
      objectReference: {fileID: 0}
    m_RemovedComponents: []
  m_SourcePrefab: {fileID: 100100000, guid: 50f980b87707f1041b8efd58b4824cdb, type: 3}
--- !u!4 &923145495 stripped
Transform:
  m_CorrespondingSourceObject: {fileID: 562427479473536722, guid: 50f980b87707f1041b8efd58b4824cdb,
    type: 3}
  m_PrefabInstance: {fileID: 923145491}
  m_PrefabAsset: {fileID: 0}
--- !u!1 &977168241
GameObject:
  m_ObjectHideFlags: 0
  m_CorrespondingSourceObject: {fileID: 0}
  m_PrefabInstance: {fileID: 0}
  m_PrefabAsset: {fileID: 0}
  serializedVersion: 6
  m_Component:
  - component: {fileID: 977168243}
  - component: {fileID: 977168242}
  m_Layer: 0
  m_Name: XR Origin
  m_TagString: Untagged
  m_Icon: {fileID: 0}
  m_NavMeshLayer: 0
  m_StaticEditorFlags: 0
  m_IsActive: 1
--- !u!114 &977168242
MonoBehaviour:
  m_ObjectHideFlags: 0
  m_CorrespondingSourceObject: {fileID: 0}
  m_PrefabInstance: {fileID: 0}
  m_PrefabAsset: {fileID: 0}
  m_GameObject: {fileID: 977168241}
  m_Enabled: 1
  m_EditorHideFlags: 0
  m_Script: {fileID: 11500000, guid: e0cb9aa70a22847b5925ee5f067c10a9, type: 3}
  m_Name: 
  m_EditorClassIdentifier: 
  m_Camera: {fileID: 1871586586}
  m_OriginBaseGameObject: {fileID: 977168241}
  m_CameraFloorOffsetObject: {fileID: 698884926}
  m_RequestedTrackingOriginMode: 2
  m_CameraYOffset: 1.1176
--- !u!4 &977168243
Transform:
  m_ObjectHideFlags: 0
  m_CorrespondingSourceObject: {fileID: 0}
  m_PrefabInstance: {fileID: 0}
  m_PrefabAsset: {fileID: 0}
  m_GameObject: {fileID: 977168241}
  m_LocalRotation: {x: 0, y: 0, z: 0, w: 1}
  m_LocalPosition: {x: 0, y: 0, z: 0}
  m_LocalScale: {x: 1, y: 1, z: 1}
  m_ConstrainProportionsScale: 0
  m_Children:
  - {fileID: 698884927}
  m_Father: {fileID: 0}
  m_RootOrder: 6
  m_LocalEulerAnglesHint: {x: 0, y: 0, z: 0}
--- !u!1 &1031160867
GameObject:
  m_ObjectHideFlags: 0
  m_CorrespondingSourceObject: {fileID: 0}
  m_PrefabInstance: {fileID: 0}
  m_PrefabAsset: {fileID: 0}
  serializedVersion: 6
  m_Component:
  - component: {fileID: 1031160868}
  m_Layer: 0
  m_Name: POUNDER GROUP
  m_TagString: Untagged
  m_Icon: {fileID: 0}
  m_NavMeshLayer: 0
  m_StaticEditorFlags: 0
  m_IsActive: 1
--- !u!4 &1031160868
Transform:
  m_ObjectHideFlags: 0
  m_CorrespondingSourceObject: {fileID: 0}
  m_PrefabInstance: {fileID: 0}
  m_PrefabAsset: {fileID: 0}
  m_GameObject: {fileID: 1031160867}
  m_LocalRotation: {x: 0, y: 0, z: 0, w: 1}
  m_LocalPosition: {x: 0, y: 0, z: 0}
  m_LocalScale: {x: 1, y: 1, z: 1}
  m_ConstrainProportionsScale: 0
  m_Children:
  - {fileID: 291124074}
  - {fileID: 717974429}
  - {fileID: 923145495}
  - {fileID: 1040715368}
  m_Father: {fileID: 0}
  m_RootOrder: 8
  m_LocalEulerAnglesHint: {x: 0, y: 0, z: 0}
--- !u!1001 &1040715364
PrefabInstance:
  m_ObjectHideFlags: 0
  serializedVersion: 2
  m_Modification:
    m_TransformParent: {fileID: 1031160868}
    m_Modifications:
    - target: {fileID: 562427479473536722, guid: 50f980b87707f1041b8efd58b4824cdb,
        type: 3}
      propertyPath: m_RootOrder
      value: 3
      objectReference: {fileID: 0}
    - target: {fileID: 562427479473536722, guid: 50f980b87707f1041b8efd58b4824cdb,
        type: 3}
      propertyPath: m_LocalPosition.x
      value: 0
      objectReference: {fileID: 0}
    - target: {fileID: 562427479473536722, guid: 50f980b87707f1041b8efd58b4824cdb,
        type: 3}
      propertyPath: m_LocalPosition.y
      value: 0
      objectReference: {fileID: 0}
    - target: {fileID: 562427479473536722, guid: 50f980b87707f1041b8efd58b4824cdb,
        type: 3}
      propertyPath: m_LocalPosition.z
      value: 0
      objectReference: {fileID: 0}
    - target: {fileID: 562427479473536722, guid: 50f980b87707f1041b8efd58b4824cdb,
        type: 3}
      propertyPath: m_LocalRotation.w
      value: -0.7071068
      objectReference: {fileID: 0}
    - target: {fileID: 562427479473536722, guid: 50f980b87707f1041b8efd58b4824cdb,
        type: 3}
      propertyPath: m_LocalRotation.x
      value: 0
      objectReference: {fileID: 0}
    - target: {fileID: 562427479473536722, guid: 50f980b87707f1041b8efd58b4824cdb,
        type: 3}
      propertyPath: m_LocalRotation.y
      value: 0.7071068
      objectReference: {fileID: 0}
    - target: {fileID: 562427479473536722, guid: 50f980b87707f1041b8efd58b4824cdb,
        type: 3}
      propertyPath: m_LocalRotation.z
      value: -0
      objectReference: {fileID: 0}
    - target: {fileID: 562427479473536722, guid: 50f980b87707f1041b8efd58b4824cdb,
        type: 3}
      propertyPath: m_LocalEulerAnglesHint.x
      value: 0
      objectReference: {fileID: 0}
    - target: {fileID: 562427479473536722, guid: 50f980b87707f1041b8efd58b4824cdb,
        type: 3}
      propertyPath: m_LocalEulerAnglesHint.y
      value: 270
      objectReference: {fileID: 0}
    - target: {fileID: 562427479473536722, guid: 50f980b87707f1041b8efd58b4824cdb,
        type: 3}
      propertyPath: m_LocalEulerAnglesHint.z
      value: 0
      objectReference: {fileID: 0}
    - target: {fileID: 6332742069223908406, guid: 50f980b87707f1041b8efd58b4824cdb,
        type: 3}
      propertyPath: m_Name
      value: Pounder
      objectReference: {fileID: 0}
    - target: {fileID: 6332742069223908406, guid: 50f980b87707f1041b8efd58b4824cdb,
        type: 3}
      propertyPath: m_IsActive
      value: 1
      objectReference: {fileID: 0}
    m_RemovedComponents: []
  m_SourcePrefab: {fileID: 100100000, guid: 50f980b87707f1041b8efd58b4824cdb, type: 3}
--- !u!4 &1040715368 stripped
Transform:
  m_CorrespondingSourceObject: {fileID: 562427479473536722, guid: 50f980b87707f1041b8efd58b4824cdb,
    type: 3}
  m_PrefabInstance: {fileID: 1040715364}
  m_PrefabAsset: {fileID: 0}
--- !u!1001 &1120810166
PrefabInstance:
  m_ObjectHideFlags: 0
  serializedVersion: 2
  m_Modification:
    m_TransformParent: {fileID: 0}
    m_Modifications:
    - target: {fileID: 3006495234557821680, guid: c6a4940a1ab7d1546bdd37691f5ec1d1,
        type: 3}
      propertyPath: m_RootOrder
      value: 3
      objectReference: {fileID: 0}
    - target: {fileID: 3006495234557821680, guid: c6a4940a1ab7d1546bdd37691f5ec1d1,
        type: 3}
      propertyPath: m_LocalPosition.x
      value: 0.072
      objectReference: {fileID: 0}
    - target: {fileID: 3006495234557821680, guid: c6a4940a1ab7d1546bdd37691f5ec1d1,
        type: 3}
      propertyPath: m_LocalPosition.y
      value: 2.261
      objectReference: {fileID: 0}
    - target: {fileID: 3006495234557821680, guid: c6a4940a1ab7d1546bdd37691f5ec1d1,
        type: 3}
      propertyPath: m_LocalPosition.z
      value: 1.99
      objectReference: {fileID: 0}
    - target: {fileID: 3006495234557821680, guid: c6a4940a1ab7d1546bdd37691f5ec1d1,
        type: 3}
      propertyPath: m_LocalRotation.w
      value: 0.7425403
      objectReference: {fileID: 0}
    - target: {fileID: 3006495234557821680, guid: c6a4940a1ab7d1546bdd37691f5ec1d1,
        type: 3}
      propertyPath: m_LocalRotation.x
      value: -0.6698014
      objectReference: {fileID: 0}
    - target: {fileID: 3006495234557821680, guid: c6a4940a1ab7d1546bdd37691f5ec1d1,
        type: 3}
      propertyPath: m_LocalRotation.y
      value: -0
      objectReference: {fileID: 0}
    - target: {fileID: 3006495234557821680, guid: c6a4940a1ab7d1546bdd37691f5ec1d1,
        type: 3}
      propertyPath: m_LocalRotation.z
      value: -0
      objectReference: {fileID: 0}
    - target: {fileID: 3006495234557821680, guid: c6a4940a1ab7d1546bdd37691f5ec1d1,
        type: 3}
      propertyPath: m_LocalEulerAnglesHint.x
      value: -84.104
      objectReference: {fileID: 0}
    - target: {fileID: 3006495234557821680, guid: c6a4940a1ab7d1546bdd37691f5ec1d1,
        type: 3}
      propertyPath: m_LocalEulerAnglesHint.y
      value: 0
      objectReference: {fileID: 0}
    - target: {fileID: 3006495234557821680, guid: c6a4940a1ab7d1546bdd37691f5ec1d1,
        type: 3}
      propertyPath: m_LocalEulerAnglesHint.z
      value: 0
      objectReference: {fileID: 0}
    - target: {fileID: 5403173150682978618, guid: c6a4940a1ab7d1546bdd37691f5ec1d1,
        type: 3}
      propertyPath: m_Name
      value: Squished
      objectReference: {fileID: 0}
    m_RemovedComponents: []
  m_SourcePrefab: {fileID: 100100000, guid: c6a4940a1ab7d1546bdd37691f5ec1d1, type: 3}
--- !u!1001 &1120863966
PrefabInstance:
  m_ObjectHideFlags: 0
  serializedVersion: 2
  m_Modification:
    m_TransformParent: {fileID: 0}
    m_Modifications:
    - target: {fileID: 1347705113902533187, guid: af45404d8230f40429db135184c62bc3,
        type: 3}
      propertyPath: m_RootOrder
      value: 2
      objectReference: {fileID: 0}
    - target: {fileID: 1347705113902533187, guid: af45404d8230f40429db135184c62bc3,
        type: 3}
      propertyPath: m_LocalPosition.x
      value: 0.82
      objectReference: {fileID: 0}
    - target: {fileID: 1347705113902533187, guid: af45404d8230f40429db135184c62bc3,
        type: 3}
      propertyPath: m_LocalPosition.y
      value: 0.81360006
      objectReference: {fileID: 0}
    - target: {fileID: 1347705113902533187, guid: af45404d8230f40429db135184c62bc3,
        type: 3}
      propertyPath: m_LocalPosition.z
      value: 0.18
      objectReference: {fileID: 0}
    - target: {fileID: 1347705113902533187, guid: af45404d8230f40429db135184c62bc3,
        type: 3}
      propertyPath: m_LocalRotation.w
      value: -0.10245829
      objectReference: {fileID: 0}
    - target: {fileID: 1347705113902533187, guid: af45404d8230f40429db135184c62bc3,
        type: 3}
      propertyPath: m_LocalRotation.x
      value: -0
      objectReference: {fileID: 0}
    - target: {fileID: 1347705113902533187, guid: af45404d8230f40429db135184c62bc3,
        type: 3}
      propertyPath: m_LocalRotation.y
      value: -0.9947373
      objectReference: {fileID: 0}
    - target: {fileID: 1347705113902533187, guid: af45404d8230f40429db135184c62bc3,
        type: 3}
      propertyPath: m_LocalRotation.z
      value: -0
      objectReference: {fileID: 0}
    - target: {fileID: 1347705113902533187, guid: af45404d8230f40429db135184c62bc3,
        type: 3}
      propertyPath: m_LocalEulerAnglesHint.x
      value: 0
      objectReference: {fileID: 0}
    - target: {fileID: 1347705113902533187, guid: af45404d8230f40429db135184c62bc3,
        type: 3}
      propertyPath: m_LocalEulerAnglesHint.y
      value: -191.761
      objectReference: {fileID: 0}
    - target: {fileID: 1347705113902533187, guid: af45404d8230f40429db135184c62bc3,
        type: 3}
      propertyPath: m_LocalEulerAnglesHint.z
      value: 0
      objectReference: {fileID: 0}
    - target: {fileID: 3850944530146098156, guid: af45404d8230f40429db135184c62bc3,
        type: 3}
      propertyPath: m_Name
      value: Kitty
      objectReference: {fileID: 0}
    m_RemovedComponents: []
  m_SourcePrefab: {fileID: 100100000, guid: af45404d8230f40429db135184c62bc3, type: 3}
--- !u!1001 &1243355819
PrefabInstance:
  m_ObjectHideFlags: 0
  serializedVersion: 2
  m_Modification:
    m_TransformParent: {fileID: 0}
    m_Modifications:
    - target: {fileID: 1347705113902533187, guid: af45404d8230f40429db135184c62bc3,
        type: 3}
      propertyPath: m_RootOrder
      value: 1
      objectReference: {fileID: 0}
    - target: {fileID: 1347705113902533187, guid: af45404d8230f40429db135184c62bc3,
        type: 3}
      propertyPath: m_LocalPosition.x
      value: 0.44
      objectReference: {fileID: 0}
    - target: {fileID: 1347705113902533187, guid: af45404d8230f40429db135184c62bc3,
        type: 3}
      propertyPath: m_LocalPosition.y
      value: 0.81360006
      objectReference: {fileID: 0}
    - target: {fileID: 1347705113902533187, guid: af45404d8230f40429db135184c62bc3,
        type: 3}
      propertyPath: m_LocalPosition.z
      value: 0.67
      objectReference: {fileID: 0}
    - target: {fileID: 1347705113902533187, guid: af45404d8230f40429db135184c62bc3,
        type: 3}
      propertyPath: m_LocalRotation.w
      value: 0.82567006
      objectReference: {fileID: 0}
    - target: {fileID: 1347705113902533187, guid: af45404d8230f40429db135184c62bc3,
        type: 3}
      propertyPath: m_LocalRotation.x
      value: -0
      objectReference: {fileID: 0}
    - target: {fileID: 1347705113902533187, guid: af45404d8230f40429db135184c62bc3,
        type: 3}
      propertyPath: m_LocalRotation.y
      value: -0.5641534
      objectReference: {fileID: 0}
    - target: {fileID: 1347705113902533187, guid: af45404d8230f40429db135184c62bc3,
        type: 3}
      propertyPath: m_LocalRotation.z
      value: -0
      objectReference: {fileID: 0}
    - target: {fileID: 1347705113902533187, guid: af45404d8230f40429db135184c62bc3,
        type: 3}
      propertyPath: m_LocalEulerAnglesHint.x
      value: 0
      objectReference: {fileID: 0}
    - target: {fileID: 1347705113902533187, guid: af45404d8230f40429db135184c62bc3,
        type: 3}
      propertyPath: m_LocalEulerAnglesHint.y
      value: -68.687
      objectReference: {fileID: 0}
    - target: {fileID: 1347705113902533187, guid: af45404d8230f40429db135184c62bc3,
        type: 3}
      propertyPath: m_LocalEulerAnglesHint.z
      value: 0
      objectReference: {fileID: 0}
    - target: {fileID: 3850944530146098156, guid: af45404d8230f40429db135184c62bc3,
        type: 3}
      propertyPath: m_Name
      value: Kitty (1)
      objectReference: {fileID: 0}
    m_RemovedComponents: []
  m_SourcePrefab: {fileID: 100100000, guid: af45404d8230f40429db135184c62bc3, type: 3}
--- !u!1 &1385146408
GameObject:
  m_ObjectHideFlags: 0
  m_CorrespondingSourceObject: {fileID: 0}
  m_PrefabInstance: {fileID: 0}
  m_PrefabAsset: {fileID: 0}
  serializedVersion: 6
  m_Component:
  - component: {fileID: 1385146409}
  m_Layer: 0
  m_Name: CLOCK GROUP
  m_TagString: Untagged
  m_Icon: {fileID: 0}
  m_NavMeshLayer: 0
  m_StaticEditorFlags: 0
  m_IsActive: 1
--- !u!4 &1385146409
Transform:
  m_ObjectHideFlags: 0
  m_CorrespondingSourceObject: {fileID: 0}
  m_PrefabInstance: {fileID: 0}
  m_PrefabAsset: {fileID: 0}
  m_GameObject: {fileID: 1385146408}
  m_LocalRotation: {x: 0, y: 0, z: 0, w: 1}
  m_LocalPosition: {x: 0, y: 0, z: 0}
  m_LocalScale: {x: 1, y: 1, z: 1}
  m_ConstrainProportionsScale: 0
  m_Children:
  - {fileID: 534966020}
  m_Father: {fileID: 0}
  m_RootOrder: 7
  m_LocalEulerAnglesHint: {x: 0, y: 0, z: 0}
--- !u!1001 &1575330976
PrefabInstance:
  m_ObjectHideFlags: 0
  serializedVersion: 2
  m_Modification:
    m_TransformParent: {fileID: 1385146409}
    m_Modifications:
    - target: {fileID: 124185593382470153, guid: 44524bb2883d95c438ae68fb83575904,
        type: 3}
      propertyPath: m_RootOrder
      value: 6
      objectReference: {fileID: 0}
    - target: {fileID: 887308096966405561, guid: 44524bb2883d95c438ae68fb83575904,
        type: 3}
      propertyPath: m_RootOrder
      value: 7
      objectReference: {fileID: 0}
    - target: {fileID: 1046265740375405035, guid: 44524bb2883d95c438ae68fb83575904,
        type: 3}
      propertyPath: m_text
      value: 22
      objectReference: {fileID: 0}
    - target: {fileID: 1133346277703316015, guid: 44524bb2883d95c438ae68fb83575904,
        type: 3}
      propertyPath: m_RootOrder
      value: 2
      objectReference: {fileID: 0}
    - target: {fileID: 2596069544731692005, guid: 44524bb2883d95c438ae68fb83575904,
        type: 3}
      propertyPath: m_Camera
      value: 
      objectReference: {fileID: 1871586586}
    - target: {fileID: 2957800543803514344, guid: 44524bb2883d95c438ae68fb83575904,
        type: 3}
      propertyPath: m_RootOrder
      value: 1
      objectReference: {fileID: 0}
    - target: {fileID: 3233080908897122670, guid: 44524bb2883d95c438ae68fb83575904,
        type: 3}
      propertyPath: m_RootOrder
      value: 9
      objectReference: {fileID: 0}
    - target: {fileID: 3356868965716099088, guid: 44524bb2883d95c438ae68fb83575904,
        type: 3}
      propertyPath: m_RootOrder
      value: 2
      objectReference: {fileID: 0}
    - target: {fileID: 3356868965716099088, guid: 44524bb2883d95c438ae68fb83575904,
        type: 3}
      propertyPath: m_LocalPosition.x
      value: 0
      objectReference: {fileID: 0}
    - target: {fileID: 3356868965716099088, guid: 44524bb2883d95c438ae68fb83575904,
        type: 3}
      propertyPath: m_LocalPosition.y
      value: 0
      objectReference: {fileID: 0}
    - target: {fileID: 3356868965716099088, guid: 44524bb2883d95c438ae68fb83575904,
        type: 3}
      propertyPath: m_LocalPosition.z
      value: 0
      objectReference: {fileID: 0}
    - target: {fileID: 3356868965716099088, guid: 44524bb2883d95c438ae68fb83575904,
        type: 3}
      propertyPath: m_LocalRotation.w
      value: -0.92387944
      objectReference: {fileID: 0}
    - target: {fileID: 3356868965716099088, guid: 44524bb2883d95c438ae68fb83575904,
        type: 3}
      propertyPath: m_LocalRotation.x
      value: 0
      objectReference: {fileID: 0}
    - target: {fileID: 3356868965716099088, guid: 44524bb2883d95c438ae68fb83575904,
        type: 3}
      propertyPath: m_LocalRotation.y
      value: 0.3826836
      objectReference: {fileID: 0}
    - target: {fileID: 3356868965716099088, guid: 44524bb2883d95c438ae68fb83575904,
        type: 3}
      propertyPath: m_LocalRotation.z
      value: -0
      objectReference: {fileID: 0}
    - target: {fileID: 3356868965716099088, guid: 44524bb2883d95c438ae68fb83575904,
        type: 3}
      propertyPath: m_LocalEulerAnglesHint.x
      value: 0
      objectReference: {fileID: 0}
    - target: {fileID: 3356868965716099088, guid: 44524bb2883d95c438ae68fb83575904,
        type: 3}
      propertyPath: m_LocalEulerAnglesHint.y
      value: 315
      objectReference: {fileID: 0}
    - target: {fileID: 3356868965716099088, guid: 44524bb2883d95c438ae68fb83575904,
        type: 3}
      propertyPath: m_LocalEulerAnglesHint.z
      value: 0
      objectReference: {fileID: 0}
    - target: {fileID: 4744913897802115435, guid: 44524bb2883d95c438ae68fb83575904,
        type: 3}
      propertyPath: m_RootOrder
      value: 8
      objectReference: {fileID: 0}
    - target: {fileID: 5282373385964493732, guid: 44524bb2883d95c438ae68fb83575904,
        type: 3}
      propertyPath: m_Name
      value: Clock
      objectReference: {fileID: 0}
    - target: {fileID: 5397881210663354563, guid: 44524bb2883d95c438ae68fb83575904,
        type: 3}
      propertyPath: m_text
      value: 19
      objectReference: {fileID: 0}
    - target: {fileID: 5475823736822066832, guid: 44524bb2883d95c438ae68fb83575904,
        type: 3}
      propertyPath: m_RootOrder
      value: 3
      objectReference: {fileID: 0}
    - target: {fileID: 6093406329869315369, guid: 44524bb2883d95c438ae68fb83575904,
        type: 3}
      propertyPath: m_RootOrder
      value: 4
      objectReference: {fileID: 0}
    - target: {fileID: 7543239836081720838, guid: 44524bb2883d95c438ae68fb83575904,
        type: 3}
      propertyPath: m_text
      value: 09.7
      objectReference: {fileID: 0}
    - target: {fileID: 7543239836081720838, guid: 44524bb2883d95c438ae68fb83575904,
        type: 3}
      propertyPath: m_fontAsset
      value: 
      objectReference: {fileID: 11400000, guid: ff123b09286f06e46a69cc008f1cd6c4,
        type: 2}
    - target: {fileID: 7543239836081720838, guid: 44524bb2883d95c438ae68fb83575904,
        type: 3}
      propertyPath: m_sharedMaterial
      value: 
      objectReference: {fileID: -6964853908426399527, guid: ff123b09286f06e46a69cc008f1cd6c4,
        type: 2}
    - target: {fileID: 7928156822608745190, guid: 44524bb2883d95c438ae68fb83575904,
        type: 3}
      propertyPath: m_RootOrder
      value: 5
      objectReference: {fileID: 0}
    m_RemovedComponents: []
  m_SourcePrefab: {fileID: 100100000, guid: 44524bb2883d95c438ae68fb83575904, type: 3}
--- !u!1001 &1604882413
PrefabInstance:
  m_ObjectHideFlags: 0
  serializedVersion: 2
  m_Modification:
    m_TransformParent: {fileID: 1031160868}
    m_Modifications:
    - target: {fileID: 562427479473536722, guid: 50f980b87707f1041b8efd58b4824cdb,
        type: 3}
      propertyPath: m_RootOrder
      value: 0
      objectReference: {fileID: 0}
    - target: {fileID: 562427479473536722, guid: 50f980b87707f1041b8efd58b4824cdb,
        type: 3}
      propertyPath: m_LocalPosition.x
      value: 0
      objectReference: {fileID: 0}
    - target: {fileID: 562427479473536722, guid: 50f980b87707f1041b8efd58b4824cdb,
        type: 3}
      propertyPath: m_LocalPosition.y
      value: 0
      objectReference: {fileID: 0}
    - target: {fileID: 562427479473536722, guid: 50f980b87707f1041b8efd58b4824cdb,
        type: 3}
      propertyPath: m_LocalPosition.z
      value: 0
      objectReference: {fileID: 0}
    - target: {fileID: 562427479473536722, guid: 50f980b87707f1041b8efd58b4824cdb,
        type: 3}
      propertyPath: m_LocalRotation.w
      value: 1
      objectReference: {fileID: 0}
    - target: {fileID: 562427479473536722, guid: 50f980b87707f1041b8efd58b4824cdb,
        type: 3}
      propertyPath: m_LocalRotation.x
      value: -0
      objectReference: {fileID: 0}
    - target: {fileID: 562427479473536722, guid: 50f980b87707f1041b8efd58b4824cdb,
        type: 3}
      propertyPath: m_LocalRotation.y
      value: -0
      objectReference: {fileID: 0}
    - target: {fileID: 562427479473536722, guid: 50f980b87707f1041b8efd58b4824cdb,
        type: 3}
      propertyPath: m_LocalRotation.z
      value: -0
      objectReference: {fileID: 0}
    - target: {fileID: 562427479473536722, guid: 50f980b87707f1041b8efd58b4824cdb,
        type: 3}
      propertyPath: m_LocalEulerAnglesHint.x
      value: 0
      objectReference: {fileID: 0}
    - target: {fileID: 562427479473536722, guid: 50f980b87707f1041b8efd58b4824cdb,
        type: 3}
      propertyPath: m_LocalEulerAnglesHint.y
      value: 0
      objectReference: {fileID: 0}
    - target: {fileID: 562427479473536722, guid: 50f980b87707f1041b8efd58b4824cdb,
        type: 3}
      propertyPath: m_LocalEulerAnglesHint.z
      value: 0
      objectReference: {fileID: 0}
    - target: {fileID: 6332742069223908406, guid: 50f980b87707f1041b8efd58b4824cdb,
        type: 3}
      propertyPath: m_Name
      value: Pounder
      objectReference: {fileID: 0}
    m_RemovedComponents: []
  m_SourcePrefab: {fileID: 100100000, guid: 50f980b87707f1041b8efd58b4824cdb, type: 3}
--- !u!1001 &1703237810
PrefabInstance:
  m_ObjectHideFlags: 0
  serializedVersion: 2
  m_Modification:
    m_TransformParent: {fileID: 1822189496}
    m_Modifications:
    - target: {fileID: 767403637307912772, guid: c240a9f58eac1584b90e53b841b28f68,
        type: 3}
      propertyPath: m_Name
      value: Wall
      objectReference: {fileID: 0}
    - target: {fileID: 8272719849424190128, guid: c240a9f58eac1584b90e53b841b28f68,
        type: 3}
      propertyPath: m_RootOrder
      value: 0
      objectReference: {fileID: 0}
    - target: {fileID: 8272719849424190128, guid: c240a9f58eac1584b90e53b841b28f68,
        type: 3}
      propertyPath: m_LocalScale.x
      value: 1
      objectReference: {fileID: 0}
    - target: {fileID: 8272719849424190128, guid: c240a9f58eac1584b90e53b841b28f68,
        type: 3}
      propertyPath: m_LocalScale.y
      value: 1
      objectReference: {fileID: 0}
    - target: {fileID: 8272719849424190128, guid: c240a9f58eac1584b90e53b841b28f68,
        type: 3}
      propertyPath: m_LocalPosition.x
      value: 0
      objectReference: {fileID: 0}
    - target: {fileID: 8272719849424190128, guid: c240a9f58eac1584b90e53b841b28f68,
        type: 3}
      propertyPath: m_LocalPosition.y
      value: 0
      objectReference: {fileID: 0}
    - target: {fileID: 8272719849424190128, guid: c240a9f58eac1584b90e53b841b28f68,
        type: 3}
      propertyPath: m_LocalPosition.z
      value: 0
      objectReference: {fileID: 0}
    - target: {fileID: 8272719849424190128, guid: c240a9f58eac1584b90e53b841b28f68,
        type: 3}
      propertyPath: m_LocalRotation.w
      value: 1
      objectReference: {fileID: 0}
    - target: {fileID: 8272719849424190128, guid: c240a9f58eac1584b90e53b841b28f68,
        type: 3}
      propertyPath: m_LocalRotation.x
      value: 0
      objectReference: {fileID: 0}
    - target: {fileID: 8272719849424190128, guid: c240a9f58eac1584b90e53b841b28f68,
        type: 3}
      propertyPath: m_LocalRotation.y
      value: 0
      objectReference: {fileID: 0}
    - target: {fileID: 8272719849424190128, guid: c240a9f58eac1584b90e53b841b28f68,
        type: 3}
      propertyPath: m_LocalRotation.z
      value: 0
      objectReference: {fileID: 0}
    - target: {fileID: 8272719849424190128, guid: c240a9f58eac1584b90e53b841b28f68,
        type: 3}
      propertyPath: m_LocalEulerAnglesHint.x
      value: 0
      objectReference: {fileID: 0}
    - target: {fileID: 8272719849424190128, guid: c240a9f58eac1584b90e53b841b28f68,
        type: 3}
      propertyPath: m_LocalEulerAnglesHint.y
      value: 0
      objectReference: {fileID: 0}
    - target: {fileID: 8272719849424190128, guid: c240a9f58eac1584b90e53b841b28f68,
        type: 3}
      propertyPath: m_LocalEulerAnglesHint.z
      value: 0
      objectReference: {fileID: 0}
    m_RemovedComponents: []
  m_SourcePrefab: {fileID: 100100000, guid: c240a9f58eac1584b90e53b841b28f68, type: 3}
--- !u!4 &1703237811 stripped
Transform:
  m_CorrespondingSourceObject: {fileID: 8272719849424190128, guid: c240a9f58eac1584b90e53b841b28f68,
    type: 3}
  m_PrefabInstance: {fileID: 1703237810}
  m_PrefabAsset: {fileID: 0}
--- !u!1 &1822189495
GameObject:
  m_ObjectHideFlags: 0
  m_CorrespondingSourceObject: {fileID: 0}
  m_PrefabInstance: {fileID: 0}
  m_PrefabAsset: {fileID: 0}
  serializedVersion: 6
  m_Component:
  - component: {fileID: 1822189496}
  m_Layer: 0
  m_Name: WALL GROUP
  m_TagString: Untagged
  m_Icon: {fileID: 0}
  m_NavMeshLayer: 0
  m_StaticEditorFlags: 0
  m_IsActive: 1
--- !u!4 &1822189496
Transform:
  m_ObjectHideFlags: 0
  m_CorrespondingSourceObject: {fileID: 0}
  m_PrefabInstance: {fileID: 0}
  m_PrefabAsset: {fileID: 0}
  m_GameObject: {fileID: 1822189495}
  m_LocalRotation: {x: 0, y: 0, z: 0, w: 1}
  m_LocalPosition: {x: 0, y: 0, z: 0}
  m_LocalScale: {x: 1, y: 1, z: 1}
  m_ConstrainProportionsScale: 0
  m_Children:
  - {fileID: 1703237811}
  - {fileID: 1878306441}
  m_Father: {fileID: 0}
  m_RootOrder: 9
  m_LocalEulerAnglesHint: {x: 0, y: 0, z: 0}
--- !u!1 &1871586582
GameObject:
  m_ObjectHideFlags: 0
  m_CorrespondingSourceObject: {fileID: 0}
  m_PrefabInstance: {fileID: 0}
  m_PrefabAsset: {fileID: 0}
  serializedVersion: 6
  m_Component:
  - component: {fileID: 1871586583}
  - component: {fileID: 1871586586}
  - component: {fileID: 1871586585}
  - component: {fileID: 1871586584}
  m_Layer: 0
  m_Name: Main Camera
  m_TagString: MainCamera
  m_Icon: {fileID: 0}
  m_NavMeshLayer: 0
  m_StaticEditorFlags: 0
  m_IsActive: 1
--- !u!4 &1871586583
Transform:
  m_ObjectHideFlags: 0
  m_CorrespondingSourceObject: {fileID: 0}
  m_PrefabInstance: {fileID: 0}
  m_PrefabAsset: {fileID: 0}
  m_GameObject: {fileID: 1871586582}
  m_LocalRotation: {x: 0, y: 0.38268343, z: 0, w: 0.92387956}
  m_LocalPosition: {x: -0.946, y: 0.42, z: -1.138}
  m_LocalScale: {x: 1, y: 1, z: 1}
  m_ConstrainProportionsScale: 0
  m_Children: []
  m_Father: {fileID: 698884927}
  m_RootOrder: 0
  m_LocalEulerAnglesHint: {x: 0, y: 45, z: 0}
--- !u!114 &1871586584
MonoBehaviour:
  m_ObjectHideFlags: 0
  m_CorrespondingSourceObject: {fileID: 0}
  m_PrefabInstance: {fileID: 0}
  m_PrefabAsset: {fileID: 0}
  m_GameObject: {fileID: 1871586582}
  m_Enabled: 1
  m_EditorHideFlags: 0
  m_Script: {fileID: 11500000, guid: c2fadf230d1919748a9aa21d40f74619, type: 3}
  m_Name: 
  m_EditorClassIdentifier: 
  m_TrackingType: 0
  m_UpdateType: 0
  m_PositionInput:
    m_UseReference: 0
    m_Action:
      m_Name: Position
      m_Type: 0
      m_ExpectedControlType: Vector3
      m_Id: 46f37543-249e-4cf1-b1ae-60453ed8695d
      m_Processors: 
      m_Interactions: 
      m_SingletonActionBindings:
      - m_Name: 
        m_Id: 1cf223cf-a616-4e4f-a8d9-62a4be4a0a54
        m_Path: <XRHMD>/centerEyePosition
        m_Interactions: 
        m_Processors: 
        m_Groups: 
        m_Action: Position
        m_Flags: 0
      - m_Name: 
        m_Id: 484a3af6-0d88-4c97-b39f-b1bf14e7f2ba
        m_Path: <HandheldARInputDevice>/devicePosition
        m_Interactions: 
        m_Processors: 
        m_Groups: 
        m_Action: Position
        m_Flags: 0
      m_Flags: 0
    m_Reference: {fileID: 0}
  m_RotationInput:
    m_UseReference: 0
    m_Action:
      m_Name: Rotation
      m_Type: 0
      m_ExpectedControlType: Quaternion
      m_Id: 99d3a734-aa10-484f-aed5-16bc7ead542a
      m_Processors: 
      m_Interactions: 
      m_SingletonActionBindings:
      - m_Name: 
        m_Id: f9849959-6188-4e95-a474-eb790e227711
        m_Path: <XRHMD>/centerEyeRotation
        m_Interactions: 
        m_Processors: 
        m_Groups: 
        m_Action: Rotation
        m_Flags: 0
      - m_Name: 
        m_Id: c91ea17f-90e2-4e80-ac0a-7be5732826c9
        m_Path: <HandheldARInputDevice>/deviceRotation
        m_Interactions: 
        m_Processors: 
        m_Groups: 
        m_Action: Rotation
        m_Flags: 0
      m_Flags: 0
    m_Reference: {fileID: 0}
  m_PositionAction:
    m_Name: 
    m_Type: 0
    m_ExpectedControlType: 
    m_Id: 
    m_Processors: 
    m_Interactions: 
    m_SingletonActionBindings: []
    m_Flags: 0
  m_RotationAction:
    m_Name: 
    m_Type: 0
    m_ExpectedControlType: 
    m_Id: 
    m_Processors: 
    m_Interactions: 
    m_SingletonActionBindings: []
    m_Flags: 0
  m_HasMigratedActions: 1
--- !u!81 &1871586585
AudioListener:
  m_ObjectHideFlags: 0
  m_CorrespondingSourceObject: {fileID: 0}
  m_PrefabInstance: {fileID: 0}
  m_PrefabAsset: {fileID: 0}
  m_GameObject: {fileID: 1871586582}
  m_Enabled: 1
--- !u!20 &1871586586
Camera:
  m_ObjectHideFlags: 0
  m_CorrespondingSourceObject: {fileID: 0}
  m_PrefabInstance: {fileID: 0}
  m_PrefabAsset: {fileID: 0}
  m_GameObject: {fileID: 1871586582}
  m_Enabled: 1
  serializedVersion: 2
  m_ClearFlags: 1
  m_BackGroundColor: {r: 0.19215687, g: 0.3019608, b: 0.4745098, a: 0}
  m_projectionMatrixMode: 1
  m_GateFitMode: 2
  m_FOVAxisMode: 0
  m_SensorSize: {x: 36, y: 24}
  m_LensShift: {x: 0, y: 0}
  m_FocalLength: 50
  m_NormalizedViewPortRect:
    serializedVersion: 2
    x: 0
    y: 0
    width: 1
    height: 1
  near clip plane: 0.01
  far clip plane: 1000
  field of view: 60
  orthographic: 0
  orthographic size: 5
  m_Depth: 0
  m_CullingMask:
    serializedVersion: 2
    m_Bits: 4294967295
  m_RenderingPath: -1
  m_TargetTexture: {fileID: 0}
  m_TargetDisplay: 0
  m_TargetEye: 3
  m_HDR: 1
  m_AllowMSAA: 1
  m_AllowDynamicResolution: 0
  m_ForceIntoRT: 0
  m_OcclusionCulling: 1
  m_StereoConvergence: 10
  m_StereoSeparation: 0.022
--- !u!1001 &1878306440
PrefabInstance:
  m_ObjectHideFlags: 0
  serializedVersion: 2
  m_Modification:
    m_TransformParent: {fileID: 1822189496}
    m_Modifications:
    - target: {fileID: 767403637307912772, guid: c240a9f58eac1584b90e53b841b28f68,
        type: 3}
      propertyPath: m_Name
      value: Wall (1)
      objectReference: {fileID: 0}
    - target: {fileID: 8272719849424190128, guid: c240a9f58eac1584b90e53b841b28f68,
        type: 3}
      propertyPath: m_RootOrder
      value: 1
      objectReference: {fileID: 0}
    - target: {fileID: 8272719849424190128, guid: c240a9f58eac1584b90e53b841b28f68,
        type: 3}
      propertyPath: m_LocalScale.x
      value: 1
      objectReference: {fileID: 0}
    - target: {fileID: 8272719849424190128, guid: c240a9f58eac1584b90e53b841b28f68,
        type: 3}
      propertyPath: m_LocalScale.y
      value: 1
      objectReference: {fileID: 0}
    - target: {fileID: 8272719849424190128, guid: c240a9f58eac1584b90e53b841b28f68,
        type: 3}
      propertyPath: m_LocalPosition.x
      value: 0
      objectReference: {fileID: 0}
    - target: {fileID: 8272719849424190128, guid: c240a9f58eac1584b90e53b841b28f68,
        type: 3}
      propertyPath: m_LocalPosition.y
      value: 0
      objectReference: {fileID: 0}
    - target: {fileID: 8272719849424190128, guid: c240a9f58eac1584b90e53b841b28f68,
        type: 3}
      propertyPath: m_LocalPosition.z
      value: 0
      objectReference: {fileID: 0}
    - target: {fileID: 8272719849424190128, guid: c240a9f58eac1584b90e53b841b28f68,
        type: 3}
      propertyPath: m_LocalRotation.w
      value: 0.7071068
      objectReference: {fileID: 0}
    - target: {fileID: 8272719849424190128, guid: c240a9f58eac1584b90e53b841b28f68,
        type: 3}
      propertyPath: m_LocalRotation.x
      value: 0
      objectReference: {fileID: 0}
    - target: {fileID: 8272719849424190128, guid: c240a9f58eac1584b90e53b841b28f68,
        type: 3}
      propertyPath: m_LocalRotation.y
      value: 0.7071068
      objectReference: {fileID: 0}
    - target: {fileID: 8272719849424190128, guid: c240a9f58eac1584b90e53b841b28f68,
        type: 3}
      propertyPath: m_LocalRotation.z
      value: 0
      objectReference: {fileID: 0}
    - target: {fileID: 8272719849424190128, guid: c240a9f58eac1584b90e53b841b28f68,
        type: 3}
      propertyPath: m_LocalEulerAnglesHint.x
      value: 0
      objectReference: {fileID: 0}
    - target: {fileID: 8272719849424190128, guid: c240a9f58eac1584b90e53b841b28f68,
        type: 3}
      propertyPath: m_LocalEulerAnglesHint.y
      value: 90
      objectReference: {fileID: 0}
    - target: {fileID: 8272719849424190128, guid: c240a9f58eac1584b90e53b841b28f68,
        type: 3}
      propertyPath: m_LocalEulerAnglesHint.z
      value: 0
      objectReference: {fileID: 0}
    m_RemovedComponents: []
  m_SourcePrefab: {fileID: 100100000, guid: c240a9f58eac1584b90e53b841b28f68, type: 3}
--- !u!4 &1878306441 stripped
Transform:
  m_CorrespondingSourceObject: {fileID: 8272719849424190128, guid: c240a9f58eac1584b90e53b841b28f68,
    type: 3}
  m_PrefabInstance: {fileID: 1878306440}
  m_PrefabAsset: {fileID: 0}
